@article{eckart_young,
  author  = {Eckart, Carl and Young, Gale},
  title   = {The Approximation of One Matrix by Another of Lower Rank},
  journal = {Psychometrika},
  volume  = {1},
  number  = {3},
  pages   = {211--218},
  year    = {1936},
  doi     = {10.1007/BF02288367}
}

@inproceedings{image_transformer,
  author    = {Parmar, Niki and Vaswani, Ashish and Uszkoreit, Jakob and Kaiser, {\L}ukasz and Shazeer, Noam and Ku, Alexander and Tran, Dustin},
  title     = {Image Transformer},
  booktitle = {Proceedings of the 35th International Conference on Machine Learning (ICML 2018)},
  editor    = {Dy, Jennifer G. and Krause, Andreas},
  series    = {Proceedings of Machine Learning Research},
  volume    = {80},
  pages     = {4052--4061},
  publisher = {PMLR},
  year      = {2018},
  url       = {https://proceedings.mlr.press/v80/parmar18a/parmar18a.pdf}
}

@inproceedings{lstm_cnn_attention_model,
  author    = {Zhang, Liang and Zhu, Guangming and Mei, Lin and Shen, Peiyi and Shah, Syed Afaq Ali and Bennamoun, Mohammed},
  title     = {Attention in Convolutional LSTM for Gesture Recognition},
  booktitle = {Advances in Neural Information Processing Systems},
  editor    = {Bengio, S. and Wallach, H. and Larochelle, H. and Grauman, K. and Cesa{-}Bianchi, N. and Garnett, R.},
  volume    = {31},
  publisher = {Curran Associates, Inc.},
  year      = {2018},
  url       = {https://proceedings.neurips.cc/paper_files/paper/2018/file/287e03db1d99e0ec2edb90d079e142f3-Paper.pdf}
}

@inproceedings{ledig2017photo,
  author    = {Ledig, Christian and Theis, Lucas and Husz{\'a}r, Ferenc and Caballero, Jose and Cunningham, Andrew and Acosta, Alejandro and Aitken, Andrew and Tejani, Alykhan and Totz, Johannes and Wang, Zehan and Shi, Wenzhe},
  title     = {Photo-Realistic Single Image Super-Resolution Using a Generative Adversarial Network},
  booktitle = {Proceedings of the IEEE Conference on Computer Vision and Pattern Recognition (CVPR)},
  pages     = {105--114},
  year      = {2017},
  doi       = {10.1109/CVPR.2017.19},
  url       = {https://doi.org/10.1109/CVPR.2017.19}
}

@inproceedings{simonyan2015very,
  author    = {Simonyan, Karen and Zisserman, Andrew},
  title     = {Very Deep Convolutional Networks for Large-Scale Image Recognition},
  booktitle = {International Conference on Learning Representations (ICLR)},
  year      = {2015},
  url       = {https://arxiv.org/abs/1409.1556},
  note      = {см. раздел 2.3: “a stack of two 3×3 conv layers … has an effective receptive field of 5×5”}
}

@article{transformer,
  author    = {Vaswani, Ashish and Shazeer, Noam and Parmar, Niki and Uszkoreit, Jakob and Jones, Llion and Gomez, Aidan N. and Kaiser, {\L}ukasz and Polosukhin, Illia},
  title     = {Attention Is All You Need},
  journal   = {Advances in Neural Information Processing Systems},
  volume    = {30},
  year      = {2017},
  url       = {https://proceedings.neurips.cc/paper/2017/file/3f5ee243547dee91fbd053c1c4a845aa-Paper.pdf}
}

@inproceedings{transformer_computation_complexity,
  title      = {On the Computational Complexity of Self-Attention},
  author     = {Duman Keles, Feyza and Wijewardena, Pruthuvi Mahesakya and Hegde, Chinmay},
  booktitle  = {Proceedings of The 34th International Conference on Algorithmic Learning Theory},
  editor     = {Agrawal, Shipra and Orabona, Francesco},
  series     = {Proceedings of Machine Learning Research},
  volume     = {201},
  pages      = {597--619},
  year       = {2023},
  month      = {Feb},
  publisher  = {PMLR},
  url        = {https://proceedings.mlr.press/v201/duman-keles23a.html}
}

@inproceedings{vit,
  author    = {Dosovitskiy, Alexey and Beyer, Lucas and Kolesnikov, Alexander and Weissenborn, Dirk and Zhai, Xiaohua and Unterthiner, Thomas and Dehghani, Mostafa and Minderer, Matthias and Heigold, Georg and Gelly, Sylvain and Uszkoreit, Jakob and Houlsby, Neil},
  title     = {An Image is Worth 16×16 Words: Transformers for Image Recognition at Scale},
  booktitle = {Proceedings of the 9th International Conference on Learning Representations (ICLR)},
  year      = {2021},
  doi       = {10.48550/arXiv.2010.11929},
  url       = {https://arxiv.org/abs/2010.11929}
}

@inproceedings{vit_patch_lack,
  author    = {Chen, Zhiyang and Zhu, Yousong and Zhao, Chaoyang and Hu, Guosheng and Zeng, Wei and Wang, Jinqiao and Tang, Ming},
  title     = {DPT: Deformable Patch-based Transformer for Visual Recognition},
  booktitle = {Proceedings of ACM Multimedia (MM ’21)},
  pages     = {2899--2907},
  year      = {2021},
  doi       = {10.1145/3474085.3475467},
  url       = {http://dx.doi.org/10.1145/3474085.3475467}
}

@inproceedings{vit_patch_slimming,
  author    = {Tang, Yehui and Han, Kai and Wang, Yunhe and Xu, Chang and Guo, Jianyuan and Xu, Chao and Tao, Dacheng},
  title     = {Patch Slimming for Efficient Vision Transformers},
  booktitle = {International Conference on Machine Learning (ICML)},
  year      = {2022},
  eprint    = {2106.02852},
  archivePrefix= {arXiv},
  primaryClass = {cs.CV},
  url       = {https://arxiv.org/abs/2106.02852}
}

@techreport{gpt2,
  author      = {Radford, Alec and Wu, Jeffrey and Child, Rewon and Luan, David and Amodei, Dario and Sutskever, Ilya},
  title       = {Language Models are Unsupervised Multitask Learners},
  institution = {OpenAI},
  type        = {Technical Report},
  year        = {2019},
  pages       = {24},
  url         = {https://cdn.openai.com/better-language-models/language_models_are_unsupervised_multitask_learners.pdf}
}

@misc{clip,
  author       = {Radford, Alec and Kim, Jong Wook and Hallacy, Chris and Ramesh, Aditya and Goh, Gabriel and Agarwal, Sandhini and Sastry, Girish and Askell, Amanda and Mishkin, Pamela and Clark, Jack and Krueger, Gretchen and Sutskever, Ilya},
  title        = {Learning Transferable Visual Models From Natural Language Supervision},
  year         = {2021},
  eprint       = {2103.00020},
  archivePrefix= {arXiv},
  primaryClass = {cs.CV},
  doi          = {10.48550/arXiv.2103.00020},
  url          = {https://arxiv.org/abs/2103.00020}
}

@misc{goodfellow_dl,
  author    = {Гудфеллоу, Иэн and Бенгио, Йошуа and Курвилль, Аарон},
  title     = {Глубокое обучение},
  publisher = {ДМК Пресс},
  address   = {Москва},
  year      = {2018},
  pages     = {652},
  note      = {Пер. с англ.; 2-е изд.}
}

@misc{intel_image_dataset,
  author       = {Kaggle User puneet6060},
  title        = {Intel Image Classification Dataset},
  howpublished = {Kaggle Dataset},
  year         = {2018},
  note         = {[Electronic resource]},
  url          = {https://www.kaggle.com/datasets/puneet6060/intel-image-classification},
  urldate      = {2025-05-17}
}

@misc{loginov_svd,
  author    = {Логинов, Н. В.},
  title     = {Сингулярное разложение матриц},
  publisher = {МГАПИ},
  address   = {Москва},
  year      = {1996},
  pages     = {64},
  note      = {Учеб. пособие}
}

@misc{mallat_wavelet,
  author    = {Mallat, Stéphane},
  title     = {A Wavelet Tour of Signal Processing: The Sparse Way},
  edition   = {3},
  publisher = {Academic Press},
  address   = {Burlington, MA},
  year      = {2009},
  pages     = {832}
}

@misc{segment_anything,
  author       = {Kirillov, Alexander and Mintun, Eric and Ravi, Nikhila and Mao, Hanzi and Rolland, Chloe and Gustafson, Laura and Xiao, Tete and Whitehead, Spencer and Berg, Alexander C. and Lo, Wan-Yen and Dollár, Piotr and Girshick, Ross},
  title        = {Segment Anything},
  year         = {2023},
  eprint       = {2304.02643},
  archivePrefix= {arXiv},
  primaryClass = {cs.CV},
  doi          = {10.48550/arXiv.2304.02643},
  url          = {https://arxiv.org/abs/2304.02643}
}

@misc{srgan,
  author    = {Ledig, Christian and Theis, Lucas and Huszár, Ferenc and Caballero, Jose and Cunningham, Andrew and Acosta, Alejandro and Aitken, Andrew and Tejani, Alykhan and Totz, Johannes and Wang, Zehan and Shi, Wenzhe},
  title     = {Photo-Realistic Single Image Super-Resolution Using a Generative Adversarial Network},
  howpublished = {Kaggle},
  year      = {2017},
  note      = {CVPR 2017},
  url       = {https://doi.org/10.1109/CVPR.2017.19}
}

@misc{torchvision_normalization,
  author       = {{PyTorch Team}},
  title        = {Torchvision Models — Image Normalization},
  howpublished = {\url{https://pytorch.org/vision/stable/models.html}},
  year         = {2025},
  note         = {Accessed: 2025-05-17}
}

@misc{vitar,
  author       = {Fan, Qihang and You, Quanzeng and Han, Xiaotian and Liu, Yongfei and Tao, Yunzhe and Huang, Huaibo and He, Ran and Yang, Hongxia},
  title        = {ViTAR: Vision Transformer with Any Resolution},
  year         = {2024},
  eprint       = {2403.18361},
  archivePrefix= {arXiv},
  primaryClass = {cs.CV},
  url          = {https://arxiv.org/abs/2403.18361}
}

@misc{wavelet_autoregression,
  author    = {Mattar, Wael and Levy, Idan and Sharon, Nir and Dekel, Shai},
  title     = {Wavelets Are All You Need for Autoregressive Image Generation},
  year      = {2024},
  eprint    = {2406.19997},
  archivePrefix= {arXiv},
  primaryClass = {cs.LG},
  doi       = {10.48550/arXiv.2406.19997},
  url       = {https://arxiv.org/abs/2406.19997}
}

@misc{wavelet_tokenization,
  author    = {Zhu, Zhenhai and Soricut, Radu},
  title     = {Wavelet-Based Image Tokenizer for Vision Transformers},
  year      = {2024},
  eprint    = {2405.18616},
  archivePrefix= {arXiv},
  primaryClass = {cs.CV},
  doi       = {10.48550/arXiv.2405.18616},
  url       = {https://arxiv.org/abs/2405.18616}
}

@article{gini,
  author  = {Gini, Corrado},
  title   = {Measurement of Inequality of Incomes},
  journal = {The Economic Journal},
  volume  = {31},
  number  = {121},
  pages   = {124--126},
  year    = {1921},
  doi     = {10.2307/2223319},
  url     = {https://www.jstor.org/stable/2223319},
}